@inproceedings{ooi1996decentralized,
	title={Decentralized control of a multiple access broadcast channel:
		  Performance bounds},
	author={Ooi, J.M. and Wornell, G.W.},
	booktitle={Decision and Control, 1996., Proceedings of the 35th IEEE},
	volume={1},
	pages={293--298},
	year={1996},
	organization={IEEE}
}

@inproceedings{hansen2004dynamic,
	title={Dynamic programming for partially observable stochastic games},
	author={Hansen, E.A. and Bernstein, D.S. and Zilberstein, S.},
	booktitle={Proceedings of the National Conference on Artificial
		Intelligence},
	pages={709--715},
	year={2004},
	organization={Menlo Park, CA; Cambridge, MA; London; AAAI Press; MIT Press;
		1999}
}
